@book{akl2014parallel,
	title={Parallel sorting algorithms},
	author={Akl, Selim G},
	volume={12},
	year={2014},
	publisher={Academic press}
}
